%-----AAAAAAAAAAAAAAAAAAA-----------------------------

%-----BBBBBBBBBBBBBBBBBBBB-----------------------------



@inproceedings{brath1997role,
  title={On the role of numerical weather prediction models in real-time flood forecasting},
  author={Brath, A},
  booktitle={Proceedings of the International Workshop on River Basin Modeling: Management and Flood Mitigation},
  pages={249--259},
  year={1997}
}

@article{box1976time,
  title={Time series analysis: Forecastingand control},
  author={Box, George EP and Jenkins, Gwilym M and Reinsel, Gregory C},
  journal={San Francisco: Holdenday},
  year={1976}
}



@ARTICLE{bokhari,
  AUTHOR =       {Bokhari,S. H.},
  TITLE =        {The Linux Operation System},
  JOURNAL =      {IEEE Computer Society},
  YEAR =         {1995},
  volume =       {28},
  number =       {8},
  address=       {New York},
  pages =        {74 - 79},
  month =        {Ago.},
}

@Article{llgarver_sept70,
  author    = {L. L. Garver},
  title     = {Transmission Network Estimation Using Linear
               programming},
  journal   = {IEEE Transactions on Power Apparatus and Systems},
  year      = {1970},
  OPTkey    = {},
  volume    = {PAS-89},
  number    = {7},
  pages     = {1688-1697},
  month     = {Sep.},
  address   = {São Paulo},
  OPTnote   = {},
  OPTannote = {}
}

@Article{garver_sept70,
  author    = {L. L. Garver},
  title     = {Transmission Linear programming},
  journal   = {IEEE Transactions on Power Apparatus and Systems},
  year      = {1970},
  OPTkey    = {},
  volume    = {PAS-29},
  number    = {9},
  pages     = {168-197},
  month     = {Dec.},
  address   = {Rio de Janeiro},
  OPTnote   = {},
  OPTannote = {}
}

@techreport{bandlimit,
author={Antonello, F. and Maciel, M.},
TITLE = {Bandlimit},
YEAR = {2004},
url={http://underlinux.com.br},
urlaccessdate={10 Mar. 2012},
	}

%-----CCCCCCCCCCCCCCCCCCC-----------------------------


@article{camargo1971paulo,
  title={Paulo},
  author={Camargo, AP and h{\'\i}drico no estado de S{\~a}o, Balan{\c{c}}o},
  journal={IAC-Boletim T{\'e}cnico},
  number={116},
  year={1971}
}

@article{cooper1969absorption,
  title={The absorption of radiation in solar stills},
  author={Cooper, PI},
  journal={Solar energy},
  volume={12},
  number={3},
  pages={333--346},
  year={1969},
  publisher={Elsevier}
}


@article{calzadilla2013climate,
  title={Climate change impacts on global agriculture},
  author={Calzadilla, Alvaro and Rehdanz, Katrin and Betts, Richard and Falloon, Pete and Wiltshire, Andy and Tol, Richard SJ},
  journal={Climatic change},
  volume={120},
  number={1-2},
  pages={357--374},
  year={2013},
  publisher={Springer}
}
%-----DDDDDDDDDDDDDDDDDDD-----------------------------

@techreport{droms,
author={Droms, R.},
TITLE = {Dynamic Host Configuration Protocol},
YEAR = {1997},
url={http://ds.internice.net/ds/dspglintdoc.html},
urlaccessdate={10 Mar. 2012}
	}
%-----EEEEEEEEEEEEEEEEEEE-----------------------------
%-----FFFFFFFFFFFFFFFFFFF-----------------------------
@techreport{fedora,
author={Fedora},
TITLE = {Project Fedora},
YEAR = {2004},
url={http://fedoraproject.org/},
urlaccessdate={10 Mar. 2012}
	}

%-----GGGGGGGGGGGGGGGGGGG-----------------------------

@techreport{gnu,
author={Gnu},
TITLE = {Portal GNU},
YEAR = {1996},
url={www.gnu.org/licenses/gpl.html},
urlaccessdate={25 Mar. 2012}
	}
%-----HHHHHHHHHHHHHHHHHHH-----------------------------
%-----IIIIIIIIIIIIIIIIIII-----------------------------
%-----JJJJJJJJJJJJJJJJJJJ-----------------------------
@BOOK{jargas,
  AUTHOR =       {Jargas, A. M.},
  EDITOR =       {Novatec},
  TITLE =        {Shell Script Profissional},
  PUBLISHER =    {Novatec},
  YEAR =         {2008},
  number =       {480},
  address =      {Joinville},
  edition =      {1},
}
%-----KKKKKKKKKKKKKKKKKKK-----------------------------
@techreport{kernel,
author={Jones, M. T.},
TITLE = {Anatomia do Kernel Linux - Histórico e Decomposição Arquitetural},
YEAR = {2007},
url={http://www.ibm.com/developerworks/br/library/l-linux-kernel/\#author1},
urlaccessdate={14 Mai. 2012}
	}

%-----LLLLLLLLLLLLLLLLLLL----------------------------

@ARTICLE{linux_magazine,
  AUTHOR =       {Peregrino, R.},
  TITLE =        {Linus Torvalds no Brasil},
  JOURNAL =      {Linux Magazine},
  YEAR =         {2010},
  volume =       {},
  number =       {67},
  pages =        {24 - 28},
  month =        {Jun.},
}

%-----MMMMMMMMMMMMMMMMMMM-----------------------------
@BOOK{machado,
  AUTHOR =       {Machado, F. B. and Maia, L. P.},
  EDITOR =       {LTC - Livros Técnicos e Científicos Editora S.A.},
  TITLE =        {Arquitetura de Sistemas Operacionais},
  PUBLISHER =    {LTC},
  YEAR =         {2007},
  number =       {322},
  address =      {Rio de Janeiro},
  edition =      {4},
  pages =        {105 p.},
}

@techreport{mandriva,
author={Mandriva},
TITLE = {Mandriva},
YEAR = {2000},
url={http://http://www.mandriva.com},
urlaccessdate={10 Mar. 2012}
	}

@BOOK{manual_linux,
  AUTHOR =       {Ball, B. and Duff, H},
  EDITOR =       {Pearson Makron Books},
  TITLE =        {Dominando Linux Red Hat e Fedora},
  PUBLISHER =    {LTC},
  YEAR =         {2004},
  number =       {698},
  address =      {São Paulo},
  edition =      {1},
}


@BOOK{marcelo,
  AUTHOR =       {Marcelo, A.},
  EDITOR =       {Brasport},
  TITLE =        {Firewalls em Linux},
  PUBLISHER =    {Brasport},
  YEAR =         {2003},
  number =       {},
  address =      {São Paulo},
  edition =      {3},
}

@techreport{mrtg,
author={Oetiker, T.},
TITLE = {MRTG - The Multi Router Traffic Grapher},
YEAR = {2006},
url={http://oss.oetiker.ch/mrtg/index.html},
urlaccessdate={09 Fev. 2012}
	}


@techreport{mascote,
author={Texas A&M University},
TITLE = {Institute for Scientific Computation},
YEAR = {2012},
url={http://www.isc.tamu.edu/~lewing/linux/older.html},
urlaccessdate={10 Mar. 2012}
	}

%-----NNNNNNNNNNNNNNNNNNN-----------------------------
%-----OOOOOOOOOOOOOOOOOOO-----------------------------
%-----PPPPPPPPPPPPPPPPPPP-----------------------------
@BOOK{pocket,
  AUTHOR =       {Purdy, G. N.},
  EDITOR =       {O'Reilly Media},
  TITLE =        {Linux iptables Procket Reference},
  PUBLISHER =    {O'Reilly Media},
  YEAR =         {2004},
  number =       {97},
  address =      {United States of American},
  edition =      {1},
}
%-----QQQQQQQQQQQQQQQQQQQ-----------------------------
%-----RRRRRRRRRRRRRRRRRRR-----------------------------
%-----SSSSSSSSSSSSSSSSSSS-----------------------------

@INPROCEEDINGS{servidores,
author={Song, X. and Stinson, M. and Lee, R. and Albee, P.},
booktitle={COMPUTER AND INFORMATION SCIENCE, 2006 AND 2006 1st IEEE/ACIS INTERNATIONAL WORKSHOP ON COMPONENT-BASED SOFTWARE ENGINEERING, SOFTWARE ARCHITECTURE AND REUSE. ICIS-COMSAR 2006. 5th IEEE/ACIS INTERNATIONAL CONFERENCE}, 
title={An Approach to Analyzing the Windows and Linux Security Models},
year={2006},
month={july},
volume={},
number={},
pages={56 -62},
keywords={Linux;Windows operating system;security risk;software metrics;operating systems (computers);risk analysis;security of data;software metrics;},
doi={10.1109/ICIS-COMSAR.2006.18},
ISSN={},
}

@BOOK{soares,
  AUTHOR =       {Soares, L. F.G. and Colcher, S.},
  EDITOR =       {Campos},
  TITLE =        {Redes de Computadores das LAN's, MAN's e WAN's às redes Atm},
  PUBLISHER =    {Campos},
  YEAR =         {2003},
  number =       {480},
  address =      {São Paulo},
  edition =      {2},
}
%-----TTTTTTTTTTTTTTTTTTT-----------------------------
%-----UUUUUUUUUUUUUUUUUUU----------------------------
@techreport{ubuntu,
author={Ubuntu},
TITLE = {Portal Ubuntu},
YEAR = {2004},
url={http://www.ubuntu-br.org/},
urlaccessdate={14 Abr. 2006}
	}

@techreport{union,
author={Smart Union},
TITLE = {Smart Union - Consultoria e soluções em Tecnologia},
YEAR = {1998},
url={http://www.smartunion.com.br},
urlaccessdate={14 Abr. 2006}
}

@BOOK{urubatan,
  AUTHOR =       {Neto, U.},
  EDITOR =       {Ciencia Moderna Ltda.},
  TITLE =        {Dominando Linux Firewall iptables},
  PUBLISHER =    {Ciencia Moderna Ltda.},
  YEAR =         {2004},
  number =       {97},
  address =      {Rio de Janeiro},
  edition =      {1},
}

%------------------------------------------------------------------

@article{zhang2003time,
  title={Time series forecasting using a hybrid ARIMA and neural network model},
  author={Zhang, G Peter},
  journal={Neurocomputing},
  volume={50},
  pages={159--175},
  year={2003},
  publisher={Elsevier}
}

@inproceedings{brath1997role,
  title={On the role of numerical weather prediction models in real-time flood forecasting},
  author={Brath, A},
  booktitle={Proceedings of the International Workshop on River Basin Modeling: Management and Flood Mitigation},
  pages={249--259},
  year={1997}
}

@article{box1976time,
  title={Time series analysis: Forecastingand control},
  author={Box, George EP and Jenkins, Gwilym M and Reinsel, Gregory C},
  journal={San Francisco: Holdenday},
  year={1976}
}

@article{calzadilla2013climate,
  title={Climate change impacts on global agriculture},
  author={Calzadilla, Alvaro and Rehdanz, Katrin and Betts, Richard and Falloon, Pete and Wiltshire, Andy and Tol, Richard SJ},
  journal={Climatic change},
  volume={120},
  number={1-2},
  pages={357--374},
  year={2013},
  publisher={Springer}
}

@article{schoof2001downscaling,
  title={Downscaling temperature and precipitation: A comparison of regression-based methods and artificial neural networks},
  author={Schoof, Justin T and Pryor, SC},
  journal={International Journal of climatology},
  volume={21},
  number={7},
  pages={773--790},
  year={2001},
  publisher={Wiley Online Library}
}

@article{partal2015daily,
  title={Daily precipitation predictions using three different wavelet neural network algorithms by meteorological data},
  author={Partal, Turgay and Cigizoglu, H Kerem and Kahya, Ercan},
  journal={Stochastic Environmental Research and Risk Assessment},
  volume={29},
  number={5},
  pages={1317--1329},
  year={2015},
  publisher={Springer}
}

@article{camargo1971paulo,
  title={Paulo},
  author={Camargo, AP and h{\'\i}drico no estado de S{\~a}o, Balan{\c{c}}o},
  journal={IAC-Boletim T{\'e}cnico},
  number={116},
  year={1971}
}

@article{cooper1969absorption,
  title={The absorption of radiation in solar stills},
  author={Cooper, PI},
  journal={Solar energy},
  volume={12},
  number={3},
  pages={333--346},
  year={1969},
  publisher={Elsevier}
}


@article{de2000revisao,
  title={Uma revis{\~a}o anal{\'\i}tica da evapotranspira{\c{c}}{\~a}o potencial},
  author={DE CAMARGO, {\^A}NGELO PAES and DE CAMARGO, MARCELO BENTO PAES},
  journal={Bragantia},
  volume={59},
  number={2},
  pages={125--137},
  year={2000},
  publisher={SciELO Brasil}
}


@article{dao2002performance,
  title={A performance comparison of different back propagation neural networks methods in computer network intrusion detection},
  author={Dao, Vu NP and Vemuri, VR},
  journal={Differential equations and dynamical systems},
  volume={10},
  number={1\&2},
  pages={201--214},
  year={2002}
}

@article{haykin2004comprehensive,
  title={A comprehensive foundation},
  author={Haykin, Simon and Network, Neural},
  journal={Neural Networks},
  volume={2},
  number={2004},
  year={2004}
}

@book{friedman2001elements,
  title={The elements of statistical learning},
  author={Friedman, Jerome and Hastie, Trevor and Tibshirani, Robert},
  volume={1},
  year={2001},
  publisher={Springer series in statistics New York}
}

@article{pankratz1983forecasting,
  title={Forecasting with univariate Box-Jenkins method},
  author={Pankratz, A},
  journal={NY: Wiley},
  year={1983}
}

@incollection{ghil1981applications,
  title={Applications of estimation theory to numerical weather prediction},
  author={Ghil, Michael and Cohn, S and Tavantzis, John and Bube, K and Isaacson, Eugene},
  booktitle={Dynamic meteorology: Data assimilation methods},
  pages={139--224},
  year={1981},
  publisher={Springer}
}

@article{ramirez2006linear,
  title={Linear and nonlinear statistical downscaling for rainfall forecasting over southeastern Brazil},
  author={Ram{\'\i}rez, Mar{\'\i}a Cleof{\'e}Valverde and Ferreira, Nelson Jesus and Velho, Haroldo Fragade Campos},
  journal={Weather and forecasting},
  volume={21},
  number={6},
  pages={969--989},
  year={2006}
}

@article{sun2006often,
  title={How often does it rain?},
  author={Sun, Ying and Solomon, Susan and Dai, Aiguo and Portmann, Robert W},
  journal={Journal of Climate},
  volume={19},
  number={6},
  pages={916--934},
  year={2006}
}

@article{hsu1997precipitation,
  title={Precipitation estimation from remotely sensed information using artificial neural networks},
  author={Hsu, Kou-lin and Gao, Xiaogang and Sorooshian, Soroosh and Gupta, Hoshin V},
  journal={Journal of Applied Meteorology},
  volume={36},
  number={9},
  pages={1176--1190},
  year={1997}
}

@article{kuligowski1998localized,
  title={Localized precipitation forecasts from a numerical weather prediction model using artificial neural networks},
  author={Kuligowski, Robert J and Barros, Ana P},
  journal={Weather and forecasting},
  volume={13},
  number={4},
  pages={1194--1204},
  year={1998}
}

@article{luk2000study,
  title={A study of optimal model lag and spatial inputs to artificial neural network for rainfall forecasting},
  author={Luk, KC and Ball, JE and Sharma, A},
  journal={Journal of Hydrology},
  volume={227},
  number={1},
  pages={56--65},
  year={2000},
  publisher={Elsevier}
}

@article{french1992rainfall,
  title={Rainfall forecasting in space and time using a neural network},
  author={French, Mark N and Krajewski, Witold F and Cuykendall, Robert R},
  journal={Journal of hydrology},
  volume={137},
  number={1},
  pages={1--31},
  year={1992},
  publisher={Elsevier}
}

@book{zhang1998linear,
  title={Linear and nonlinear time series forecasting with artificial neural networks},
  author={Zhang, Guoqiang},
  year={1998},
  publisher={Kent State University}
}

@article{thornthwaite1948approach,
  title={An approach toward a rational classification of climate},
  author={Thornthwaite, Charles Warren},
  journal={Geographical review},
  volume={38},
  number={1},
  pages={55--94},
  year={1948},
  publisher={JSTOR}
}


@article{thornthwaite1957instructions,
  title={Instructions and tables for computing potential evapotranspiration and the water balance, 5th printing},
  author={Thornthwaite, CW and Mather, JR},
  journal={CW Thornthwaite Associates, Laboratory of Climatology, Elmer, NJ, USA},
  volume={10},
  number={3},
  year={1957}
}

@article{toth2000comparison,
  title={Comparison of short-term rainfall prediction models for real-time flood forecasting},
  author={Toth, E and Brath, A and Montanari, A},
  journal={Journal of Hydrology},
  volume={239},
  number={1},
  pages={132--147},
  year={2000},
  publisher={Elsevier}
}

@article{kim2010reconstructing,
  title={Reconstructing missing daily precipitation data using regression trees and artificial neural networks for SWAT streamflow simulation},
  author={Kim, Jung-Woo and Pachepsky, Yakov A},
  journal={Journal of hydrology},
  volume={394},
  number={3},
  pages={305--314},
  year={2010},
  publisher={Elsevier}
}

@article{shanker1996effect,
  title={Effect of data standardization on neural network training},
  author={Shanker, Murali and Hu, Michael Y and Hung, Ming S},
  journal={Omega},
  volume={24},
  number={4},
  pages={385--397},
  year={1996},
  publisher={Elsevier}
}

@article{willmott1985climatology,
  title={Climatology of the terrestrial seasonal water cycle},
  author={Willmott, Cort J and Rowe, Clinton M and Mintz, Yale},
  journal={Journal of Climatology},
  volume={5},
  number={6},
  pages={589--606},
  year={1985},
  publisher={Wiley Online Library}
}

@article{wythoff1993backpropagation,
  title={Backpropagation neural networks: a tutorial},
  author={Wythoff, Barry J},
  journal={Chemometrics and Intelligent Laboratory Systems},
  volume={18},
  number={2},
  pages={115--155},
  year={1993},
  publisher={Elsevier}
}

@article{zhang1998forecasting,
  title={Forecasting with artificial neural networks:: The state of the art},
  author={Zhang, Guoqiang and Patuwo, B Eddy and Hu, Michael Y},
  journal={International journal of forecasting},
  volume={14},
  number={1},
  pages={35--62},
  year={1998},
  publisher={Elsevier}
}

@article{wmo1989calculation,
  title={Calculation of monthly and annual 30-year standard normals},
  author={WMO},
  year={1989}
}

@book{rao1995c++,
  title={Learn C++ Neural Networks and Fuzzy Logic},
  author={Rao, V. and Rao, H.V.},
  asin ={B01GAG2K14},
  year={2016},
  publisher={Amazon Digital Services LLC}
}

@inproceedings{kumarasiri2006rainfall,
  title={Rainfall forecasting: an artificial neural network approach},
  author={Kumarasiri, AD and Sonnadara, DUJ},
  booktitle={Proceedings of the Technical Sessions},
  volume={22},
  pages={1--13},
  year={2006}
}

@article{vuille2003modeling,
  title={Modeling $\delta$18O in precipitation over the tropical Americas: 1. Interannual variability and climatic controls},
  author={Vuille, M and Bradley, Raymond S and Werner, Martin and Healy, R and Keimig, F},
  journal={Journal of Geophysical Research: Atmospheres},
  volume={108},
  number={D6},
  year={2003},
  publisher={Wiley Online Library}
}
@article{kuligowski1998experiments,
  title={Experiments in short-term precipitation forecasting using artificial neural networks},
  author={Kuligowski, Robert J and Barros, Ana P},
  journal={Monthly weather review},
  volume={126},
  number={2},
  pages={470--482},
  year={1998}
}

@article{nasseri2008optimized,
  title={Optimized scenario for rainfall forecasting using genetic algorithm coupled with artificial neural network},
  author={Nasseri, M and Asghari, Keyvan and Abedini, MJ},
  journal={Expert Systems with Applications},
  volume={35},
  number={3},
  pages={1415--1421},
  year={2008},
  publisher={Elsevier}
}

@article{hall1999precipitation,
  title={Precipitation forecasting using a neural network},
  author={Hall, Tony and Brooks, Harold E and Doswell III, Charles A},
  journal={Weather and forecasting},
  volume={14},
  number={3},
  pages={338--345},
  year={1999}
}

@article{rajurkar2002artificial,
  title={Artificial neural networks for daily rainfall—runoff modelling},
  author={Rajurkar, MP and Kothyari, UC and Chaube, UC},
  journal={Hydrological Sciences Journal},
  volume={47},
  number={6},
  pages={865--877},
  year={2002},
  publisher={Taylor \& Francis}
}

@incollection{wang2003artificial,
  title={Artificial neural network},
  author={Wang, Sun-Chong},
  booktitle={Interdisciplinary Computing in Java Programming},
  pages={81--100},
  year={2003},
  publisher={Springer}
}

@incollection{ferraudo,
  title={Artificial Neural Networks},
  author={Ferraudo, Antonio Sergio},
  booktitle={Nutritional Modelling for Pigs and Poultry},
  pages={88--95},
  year={2014},
  publisher={CABI}

}

@inproceedings{montana1989training,
  title={Training Feedforward Neural Networks Using Genetic Algorithms.},
  author={Montana, David J and Davis, Lawrence},
  booktitle={IJCAI},
  volume={89},
  pages={762--767},
  year={1989}
}

@article{wu2006flood,
  title={A flood forecasting neural network model with genetic algorithm},
  author={Wu, CL and Chau, KW},
  journal={International journal of environment and pollution},
  volume={28},
  number={3-4},
  pages={261--273},
  year={2006},
  publisher={Inderscience Publishers}
}
@article{allen1998crop,
  title={Crop evapotranspiration-Guidelines for computing crop water requirements-FAO Irrigation and drainage paper 56},
  author={Allen, Richard G and Pereira, Luis S and Raes, Dirk and Smith, Martin and others},
  journal={FAO, Rome},
  volume={300},
  number={9},
  pages={D05109},
  year={1998}
}
@article{hargreaves1985reference,
  title={Reference crop evapotranspiration from temperature},
  author={Hargreaves, George H and Samani, Zohrab A},
  journal={Applied engineering in agriculture},
  volume={1},
  number={2},
  pages={96--99},
  year={1985},
  publisher={American Society of Agricultural and Biological Engineers}
}
@incollection{mishra2018rainfall,
  title={Rainfall Forecasting Using Backpropagation Neural Network},
  author={Mishra, Sudipta K and Sharma, Naresh},
  booktitle={Innovations in Computational Intelligence},
  pages={277--288},
  year={2018},
  publisher={Springer}
}
@article{sumi2012rainfall,
  title={A rainfall forecasting method using machine learning models and its application to the Fukuoka city case},
  author={Sumi, S Monira and Zaman, M Faisal and Hirose, Hideo},
  journal={International Journal of Applied Mathematics and Computer Science},
  volume={22},
  number={4},
  pages={841--854},
  year={2012},
  publisher={Versita}
}

@article{karlik2011performance,
  title={Performance analysis of various activation functions in generalized MLP architectures of neural networks},
  author={Karlik, Bekir and Olgac, A Vehbi},
  journal={International Journal of Artificial Intelligence and Expert Systems},
  volume={1},
  number={4},
  pages={111--122},
  year={2011}
}
@incollection{hecht1992theory,
  title={Theory of the backpropagation neural network},
  author={Hecht-Nielsen, Robert},
  booktitle={Neural networks for perception},
  pages={65--93},
  year={1992},
  publisher={Elsevier}
}

@article{tularam2010time,
  title={Time series analysis of rainfall and temperature interactions in coastal catchments},
  author={Tularam, Gurudeo Anand and Ilahee, Mahbub},
  journal={Journal of Mathematics and Statistics},
  volume={6},
  number={3},
  pages={372--380},
  year={2010}
}

@article{feng2016trend,
  title={Trend analysis and forecast of precipitation, reference evapotranspiration, and rainfall deficit in the Blackland Prairie of Eastern Mississippi},
  author={Feng, Gary and Cobb, Stacy and Abdo, Zaid and Fisher, Daniel K and Ouyang, Ying and Adeli, Ardeshir and Jenkins, Johnie N},
  journal={Journal of Applied Meteorology and Climatology},
  volume={55},
  number={7},
  pages={1425--1439},
  year={2016}
}

@article{valipour2016much,
  title={How much meteorological information is necessary to achieve reliable accuracy for rainfall estimations?},
  author={Valipour, Mohammad},
  journal={Agriculture},
  volume={6},
  number={4},
  pages={53},
  year={2016},
  publisher={Multidisciplinary Digital Publishing Institute}
}

@article{medvigy2012trends,
  title={Trends in daily solar radiation and precipitation coefficients of variation since 1984},
  author={Medvigy, David and Beaulieu, Claudie},
  journal={Journal of Climate},
  volume={25},
  number={4},
  pages={1330--1339},
  year={2012}
}

@article{yaldi2009improving,
  title={Improving artificial neural network performance in calibrating doubly-constrained work trip distribution by using a simple data normalization and linear activation function},
  author={Yaldi, Gusri and Taylor, Michael Anthony Peter and Yue, Wen Long and others},
  year={2009},
  publisher={Ministry of Transport}
}

@article{valipour2016optimization,
  title={Optimization of neural networks for precipitation analysis in a humid region to detect drought and wet year alarms},
  author={Valipour, Mohammad},
  journal={Meteorological Applications},
  volume={23},
  number={1},
  pages={91--100},
  year={2016},
  publisher={Wiley Online Library}
}

@inproceedings{rivero2015short,
  title={Short-term rainfall time series prediction with incomplete data},
  author={Rivero, Cristian Rodriguez and Pati{\~n}o, Hector Daniel and Pucheta, Julian Antonio},
  booktitle={Neural Networks (IJCNN), 2015 International Joint Conference on},
  pages={1--6},
  year={2015},
  organization={IEEE}
}

@article{alvares2013modeling,
  title={Modeling monthly mean air temperature for Brazil},
  author={Alvares, Clayton Alcarde and Stape, Jos{\'e} Luiz and Sentelhas, Paulo Cesar and de Moraes Gon{\c{c}}alves, Jos{\'e} Leonardo},
  journal={Theoretical and applied climatology},
  volume={113},
  number={3-4},
  pages={407--427},
  year={2013},
  publisher={Springer}
}

@article{gonfiantini2001altitude,
  title={The altitude effect on the isotopic composition of tropical rains},
  author={Gonfiantini, Roberto and Roche, Michel-Alain and Olivry, Jean-Claude and Fontes, Jean-Charles and Zuppi, Gian Maria},
  journal={Chemical Geology},
  volume={181},
  number={1-4},
  pages={147--167},
  year={2001},
  publisher={Elsevier}
}

@article{salati1979recycling,
  title={Recycling of water in the Amazon basin: an isotopic study},
  author={Salati, Eneas and Dall'Olio, Attilio and Matsui, Eiichi and Gat, Joel R},
  journal={Water resources research},
  volume={15},
  number={5},
  pages={1250--1258},
  year={1979},
  publisher={Wiley Online Library}
}

@article{jha2018evaluation,
  title={Evaluation of ensemble precipitation forecasts generated through post-processing in a Canadian catchment},
  author={Jha, Sanjeev K and Shrestha, Durga L and Stadnyk, Tricia A and Coulibaly, Paulin},
  journal={Hydrology and Earth System Sciences},
  volume={22},
  number={3},
  pages={1957--1969},
  year={2018},
  publisher={Copernicus GmbH}
}

@incollection{walczak2019artificial,
  title={Artificial neural networks},
  author={Walczak, Steven},
  booktitle={Advanced Methodologies and Technologies in Artificial Intelligence, Computer Simulation, and Human-Computer Interaction},
  pages={40--53},
  year={2019},
  publisher={IGI Global}
}

@article{alotaibi2018future,
  title={Future Predictions of Rainfall and Temperature Using GCM and ANN for Arid Regions: A Case Study for the Qassim Region, Saudi Arabia},
  author={Alotaibi, Khalid and Ghumman, Abdul and Haider, Husnain and Ghazaw, Yousry and Shafiquzzaman, Md},
  journal={Water},
  volume={10},
  number={9},
  pages={1260},
  year={2018},
  publisher={Multidisciplinary Digital Publishing Institute}
}

@article{prein2015review,
  title={A review on regional convection-permitting climate modeling: Demonstrations, prospects, and challenges},
  author={Prein, Andreas F and Langhans, Wolfgang and Fosser, Giorgia and Ferrone, Andrew and Ban, Nikolina and Goergen, Klaus and Keller, Michael and T{\"o}lle, Merja and Gutjahr, Oliver and Feser, Frauke and others},
  journal={Reviews of geophysics},
  volume={53},
  number={2},
  pages={323--361},
  year={2015},
  publisher={Wiley Online Library}
}

@article{krogh2008artificial,
  title={What are artificial neural networks?},
  author={Krogh, Anders},
  journal={Nature biotechnology},
  volume={26},
  number={2},
  pages={195},
  year={2008},
  publisher={Nature Publishing Group}
}

@article{mcculloch1943logical,
  title={A logical calculus of the ideas immanent in nervous activity},
  author={McCulloch, Warren S and Pitts, Walter},
  journal={The bulletin of mathematical biophysics},
  volume={5},
  number={4},
  pages={115--133},
  year={1943},
  publisher={Springer}
}

@article{basheer2000artificial,
  title={Artificial neural networks: fundamentals, computing, design, and application},
  author={Basheer, Imad A and Hajmeer, M},
  journal={Journal of microbiological methods},
  volume={43},
  number={1},
  pages={3--31},
  year={2000},
  publisher={Elsevier}
}

@article{rosenblatt1958perceptron,
  title={The perceptron: a probabilistic model for information storage and organization in the brain.},
  author={Rosenblatt, Frank},
  journal={Psychological review},
  volume={65},
  number={6},
  pages={386},
  year={1958},
  publisher={American Psychological Association}
}